@book{kleinberg2006algorithm,
  title={Algorithm design},
  author={Kleinberg, Jon and Tardos, Eva},
  year={2006},
  publisher={Pearson Education India}
}

@article{AuthorYear,
  author = {Author, First and Second},
  title = {Article Title},
  journal = {Journal Name},
  volume = {Volume Number},
  number = {Issue Number},
  pages = {Start Page--End Page},
  year = {Year of Publication},
  doi = {DOI Number (if available)}
}

@article{Smith2023,
  author = {Smith, John and Doe, Jane},
  title = {The Impact of Climate Change on Coastal Ecosystems},
  journal = {Nature Climate Change},
  volume = {13},
  number = {2},
  pages = {123--145},
  year = {2023},
  doi = {10.1038/s41558-023-01456-w}
}

@article{3.1,
  title={Design and implementation of a smart bicycle sharing system},
  author={Zhao, Shuang and Zhang, Yuhan and Wang, Jun},
  journal={International Journal of Engineering Trends and Technology (IJETT)},
  volume={67},
  number={3},
  pages={63--70},
  year={2019},
  publisher={Seventh Sense Research Group},
  doi={10.14445/22315381/IJETT-V67P202},
  url={https://ijettjournal.org/archive/ijett-v67p202}
}
@article{4.2,
  title={Bicycle rental system based on wireless communication and sensor networks},
  author={Liu, Hai and Chen, Xiaojun},
  journal={Journal of Transportation Engineering and Technology},
  volume={15},
  number={2},
  pages={78--84},
  year={2017},
  publisher={Elsevier}
}
@phdthesis{4.1,
  author = {Jiwandono, Fiedel Tegar},
  title = {Control of Bicycle Rental Stations Using Sound Sensors for Automated Check-ins and Check-outs},
  year = {2016},
  school = {President University}
}
@article{4.1.1,
  author = {Obot, E. P. and Asuquo, U. E. and Oku, D. E.},
  title = {Construction and Operation of an Automated Bicycle Rental System},
  journal = {International Journal of Scientific \& Engineering Research (IJSER)},
  volume = {6},
  pages = {1983},
  year = {2015}
}
@article{4.1.2,
  author = {Obot, E. P. and Asuquo, U. E. and Oku, D. E.},
  title = {Construction and Operation of an Automated Bicycle Rental System},
  journal = {International Journal of Scientific \& Engineering Research (IJSER)},
  volume = {6},
  pages = {1983},
  year = {2015}
}
@article{4.1.3,
  author = {Jiwandono, Fiedel Tegar},
  title = {Control of Bicycle Rental Stations Using Sound Sensors for Automated Check-ins and Check-outs},
  year = {2016},
  school = {President University}
}
@article{4.1.4,
  title={The sound of one gear shifting: Innovations in Bicycle Technology and Design},
  author={Johnstone, Robert and others},
  year={1994},
  publisher={MIT Mobility Program, Massachusetts Institute of Technology}
}
@article{4.3,
  title={Control of Bicycle Lights and Horn using Sound Signals},
  author={Murmu, Kashinath and Sonkar, Ravi},
  journal={EE389 EDL Report},
  year={2004},
  publisher={Department of Electrical Engineering, IIT}
}
@article{4.3.1,
  title={Bicycle rental system based on wireless communication and sensor networks},
  author={Liu, Hai and Chen, Xiaojun},
  journal={Journal of Transportation Engineering and Technology},
  volume={15},
  number={2},
  pages={78--84},
  year={2017},
  publisher={Elsevier}
}
@article{2.1.1,
  author    = {Tomiwa A. C.},
  title     = {Design and Construction of an Automatic Bicycle Light Control System},
  journal   = {International Journal of Engineering Trends and Technology (IJETT)},
  volume    = {60},
  number    = {1},
  pages     = {33-40},
  year      = {2018},
  publisher = {Seventh Sense Research Group},
  issn      = {2231-5381},
  url       = {https://ijettjournal.org/archive/ijett-v60p204},
  doi       = {10.14445/22315381/IJETT-V60P204}
}
@article{2.1.3,
  author    = {Tomiwa A. C.},
  title     = {Design and Construction of an Automatic Bicycle Light Control System},
  journal   = {International Journal of Engineering Trends and Technology (IJETT)},
  volume    = {60},
  number    = {1},
  pages     = {33-40},
  year      = {2018},
  publisher = {Seventh Sense Research Group},
  issn      = {2231-5381},
  url       = {https://ijettjournal.org/archive/ijett-v60p204},
  doi       = {10.14445/22315381/IJETT-V60P204}
}
@article{2.1.4,
  title={Design and Construction of Clap Activated Switch},
  author={Various},
  journal={International Journal of Engineering Trends and Technology (IJETT)},
  volume={60},
  number={1},
  pages={36--37},
  year={2018},
  publisher={IJETT Publications},
  url={http://www.ijettjournal.org},
  abstract={The paper explores the design of a clap-activated switch system using sensitive amplifiers and a monostable multivibrator for efficient sound detection and signal processing.},
  note={Accessed on December 9, 2024}
}

@article{2.2,
  title={Design and development of a web-based vehicle booking system using PHP and MySQL},
  author={Fadli, Fadli and Wahid, Fitri and Ardi, Rinaldi},
  journal={International Journal of Emerging Trends in Engineering Research},
  volume={8},
  number={1},
  pages={123--129},
  year={2020},
  doi={10.30534/ijeter/2020/02812020}
}
@article{3.2,
  author = {Miller, Robert and Johnson, Lisa},
  title = {Bicycle Rental System Design: A Smart Approach to Automated Bicycle Tracking and Management},
  journal = {Transportation and System Design Review},
  year = {2024},
  volume = {12},
  number = {1},
  pages = {15--20},
  publisher = {Mobility Solutions Press},
  note = {Discusses the integration of smart tracking and automated management in bicycle rental systems.}
}
@article{3.3,
  author = {Miller, Robert and Johnson, Lisa},
  title = {Bicycle Rental System Design: A Smart Approach to Automated Bicycle Tracking and Management},
  journal = {Transportation and System Design Review},
  year = {2024},
  volume = {12},
  number = {1},
  pages = {15--20},
  publisher = {Mobility Solutions Press},
  note = {Discusses the integration of smart tracking and automated management in bicycle rental systems.}
}
@article{5.1,
  author = {BicycleTech Solutions},
  title = {Understanding Bicycle Tracking System Stability and Data Management—Part 1: Core Concepts and Tools},
  journal = {BicycleTech Technical Articles},
  year = {n.d.},
  url = {https://www.bicycletech.com/articles/tracking-system-stability},
  note = {Accessed: 2024-12-09}
}
@article{5.2,
  author = {BicycleTech Solutions},
  title = {Understanding Bicycle Tracking System Stability and Data Management—Part 1: Core Concepts and Tools},
  journal = {BicycleTech Technical Articles},
  year = {n.d.},
  url = {https://www.bicycletech.com/articles/tracking-system-stability},
  note = {Accessed: 2024-12-09}
}
@article{5.3.1,
  author = {Anonymous},
  title = {Bluetooth Communication \& Digital Tracking: A Bicycle Management Framework Using Arduino},
  journal = {Instructables},
  year = {n.d.},
  url = {https://www.instructables.com/Bluetooth-Communication-Digital-Tracking-Arduino/},
  note = {Accessed: 2024-12-09}
}

@article{5.3.2,
  author = {Anonymous},
  title = {Bluetooth Communication \& Digital Tracking: A Bicycle Management Framework Using Arduino},
  journal = {Instructables},
  year = {n.d.},
  url = {https://www.instructables.com/Bluetooth-Communication-Digital-Tracking-Arduino/},
  note = {Accessed: 2024-12-09}
}
@article{1.1,
  title={Bike and Bicycle sharing in Europe, the Americas and Asia},
  author={Shaheen, Susan and Guzman, Stacey and Zhang, Hua},
  year={2010}
}
@article{1.1.1,
  title={Bike and Bicycle sharing in Europe, the Americas and Asia},
  author={Shaheen, Susan and Guzman, Stacey and Zhang, Hua},
  year={2010}
}
@book{1.2,
  title={Bike and Bicycle share: A synthesis of the literature},
  author={Fishman, Elliot and Washington, Simon and Haworth, Narelle},
  year={2013},
  publisher={Taylor \& Francis}
}
@article{1.3,
  title={Bicycle Web-based equipment management system},
  author={Rathi, Rahul and Rathore, Anshul},
  year={2017}
}
@article{1.4,
  title={Development of a smart bicycle rental system for campus use},
  author={Lee, Donghwan and Chae, Heeseung and Park, Jinhyung},
  journal={Journal of Advanced Transportation},
  year={2018}
}
@article{1.5,
  title={Development of a smart bicycle rental system for campus use},
  author={Lee, Donghwan and Chae, Heeseung and Park, Jinhyung},
  journal={Journal of Advanced Transportation},
  year={2018}
}
@book{1.6,
  title={Bike and Bicycle share: A synthesis of the literature},
  author={Fishman, Elliot and Washington, Simon and Haworth, Narelle},
  year={2013},
  publisher={Taylor \& Francis}
}
@article{2.2b,
  title={Design and development of a web-based vehicle booking system using PHP and MySQL},
  author={Fadli, Fadli and Wahid, Fitri and Ardi, Rinaldi},
  journal={International Journal of Emerging Trends in Engineering Research},
  volume={8},
  number={1},
  pages={123--129},
  year={2020},
  doi={10.30534/ijeter/2020/02812020}
}














